<?xml version="1.0" encoding="UTF-8"?><collection xmlns="http://www.loc.gov/MARC21/slim"><record><leader>00407nam--2200133-i-4500</leader><controlfield tag="001">000041256</controlfield><controlfield tag="002">20161230</controlfield><controlfield tag="005">20161230201043</controlfield><controlfield tag="008">060222s1000------------r-----000-0-eng-d</controlfield><datafield ind1=" " ind2=" " tag="080"><subfield code="a">517.53:62</subfield></datafield><datafield ind1=" " ind2=" " tag="100"><subfield code="a">Serane,G</subfield></datafield><datafield ind1=" " ind2=" " tag="245"><subfield code="a">Mathematique de la physique appliquee. a l`usage des candidats au certificat de tpm des eleves-ingenieurs et des ingenieurs</subfield></datafield><datafield ind1=" " ind2=" " tag="260"><subfield code="a">Paris, Dunod, 1965. Xi+318 P</subfield></datafield><datafield ind1=" " ind2=" " tag="852"><subfield code="a">22356</subfield></datafield></record></collection>